@techreport{gortney2010department,
  title={Department of Defense Dictionary of Military and Associated Terms},
  author={Gortney, William E},
  year={2010},
  institution={Joint chiefs Of Staff Washington United States}
}
